@article{sinha2020flexibility,
  title={Flexibility from electric boiler and thermal storage for multi energy system interaction},
  author={Sinha, Rakesh and Bak-Jensen, Birgitte and Radhakrishna Pillai, Jayakrishnan and Zareipour, Hamidreza},
  journal={Energies},
  volume={13},
  number={1},
  pages={98},
  year={2020},
  publisher={Multidisciplinary Digital Publishing Institute}
}


