
@online{GIGO,
    author = "",
    title = "Lumped-element model",
    url  = "https://en.wikipedia.org/wiki/Lumped-element_model",
    addendum = "",
    keywords = "latex,GIGO"
}

