
@online{GIGO,
    author = "",
    title = "Lumped-element model",
    url  = "https://en.wikipedia.org/wiki/Lumped-element_model",
    addendum = "",
    keywords = "latex,GIGO"
}

@online{Thermalmass,
    author = "",
    title = "Thermal mass",
    url  = "https://en.wikipedia.org/wiki/Thermal_mass",
    addendum = "",
    keywords = "latex,Thermalmass"
}

@online{Rvalues_insulation,
    author = "",
    title = "R-value (insulation)",
    url  = "https://en.wikipedia.org/wiki/R-value_(insulation)#cite_note-Standardization-4",
    addendum = "",
    keywords = "latex,R-value"
}

@online{AbsTR,
    author = "",
    title = "Absolute thermal resistance",
    url  = "https://en.wikipedia.org/wiki/Thermal_resistance",
    addendum = "",
    keywords = "latex,Analogies"
}

@online{HTTHERMO,
	author = "",
	title = "Heat-transfer-thermodynamics",
	url  = "https://heat-transfer-thermodynamics.blogspot.com/2016/06/fundamentals-of-thermal-resistance.html",
	addendum = "",
	keywords = ""
}

@online{FUND,
	author = "",
	title = "Fundamentals of thermal resistance",
	url  = "https://celsiainc.com/heat-sink-blog/fundamentals-of-thermal-resistance",
	addendum = "",
	keywords = ""
}


@online{OVERALL,
	author = "",
	title = "Overall heat transfer coefficient",
	url  = "https://www.engineeringtoolbox.com/overall-heat-transfer-coefficient-d_434.html",
	addendum = "",
	keywords = ""
}

@online{SURFREST,
	author = "",
	title = "Surface heat transfer coefficient",
	url  = "https://www.htflux.com/en/documentation/boundary-conditions/surface-resistance-heat-transfer-coefficient",
	addendum = "",
	keywords = ""
}


@online{ELECRESCOND,
	author = "",
	title = "Electrical resistivity and conductivity",
	url  = "https://en.wikipedia.org/wiki/Electrical_resistivity_and_conductivity",
	addendum = "",
	keywords = ""
}


@online{ISOL,
	author = "",
	title = "Het bouwbesluit over isolatie en rc waarde",
	url  = {https://www.isolatiemateriaal.nl/kenniscentrum/het-bouwbesluit-over-isolatie-en-rc-waarde},
	addendum = "",
	keywords = ""
}

@online{ISSO,
	author = "",
	title = "ISSO",
	url  = {https://v-1isso-1nl-1y6tawt2z0091.stcproxy.han.nl/q/9d67bdb7},
	addendum = "",
	keywords = ""
}

@online{LSTM,
	author = "Christopher Olah",
	title = "Understanding LSTM Networks",
	url  = {https://colah.github.io/posts/2015-08-Understanding-LSTMs/},
	addendum = "",
	keywords = "LSTM"
}

@online{ID,
	ALTauthor = {author},
	ALTeditor = {editor},
	title = {EnergieVademecum Energy-conscious design of new-build homes},
	date = {date},
	url = {https://v-1isso-1nl-1y6tawt2z0091.stcproxy.han.nl/q/9d67bdb7/},
	OPTsubtitle = {subtitle},
	OPTtitleaddon = {titleaddon},
	OPTlanguage = {language},
	OPTversion = {version},
	OPTnote = {note},
	OPTorganization = {organization},
	OPTdate = {date},
	OPTmonth = {month},
	OPTyear = {year},
	OPTaddendum = {addendum},
	OPTpubstate = {pubstate},
	OPTurldate = {urldate},
}

@online{RVALUE,
	author = "",
	title = "R-waarde",
	url  = {https://www.joostdevree.nl/shtmls/r-waarde.shtml},
	addendum = "",
	keywords = ""
}

@online{VOORBEELD,
	author = "",
	title = "Voorbeeldwoningen 2011",
	url  = {https://www.rvo.nl/onderwerpen/duurzaam-ondernemen/gebouwen/woningbouw/particuliere-woningen/voorbeeldwoningen},
	addendum = "",
	keywords = ""
}

@online{HeatLoss,
	ALTauthor = {author},
	ALTeditor = {editor},
	title = {Transmission Heat Loss through Building Elements},
	date = {date},
	url = {https://www.engineeringtoolbox.com/heat-loss-transmission-d_748.html},
	OPTsubtitle = {subtitle},
	OPTtitleaddon = {titleaddon},
	OPTlanguage = {language},
	OPTversion = {version},
	OPTnote = {note},
	OPTorganization = {organization},
	OPTdate = {date},
	OPTmonth = {month},
	OPTyear = {year},
	OPTaddendum = {addendum},
	OPTpubstate = {pubstate},
	OPTurldate = {urldate},
}

@online{SolarHeat,
	ALTauthor = {author},
	ALTeditor = {editor},
	title = {Solar Heat Gain Coefficient},
	date = {date},
	url = {https://www.e-education.psu.edu/egee102/node/2019},
	OPTsubtitle = {subtitle},
	OPTtitleaddon = {titleaddon},
	OPTlanguage = {language},
	OPTversion = {version},
	OPTnote = {note},
	OPTorganization = {organization},
	OPTdate = {date},
	OPTmonth = {month},
	OPTyear = {year},
	OPTaddendum = {addendum},
	OPTpubstate = {pubstate},
	OPTurldate = {urldate},
}


@online{Rwaarde,
	ALTauthor = {author},
	ALTeditor = {editor},
	title = {R-waarde},
	date = {date},
	url = {https://www.isover.nl/producten/mupan-facade},
	OPTsubtitle = {subtitle},
	OPTtitleaddon = {titleaddon},
	OPTlanguage = {language},
	OPTversion = {version},
	OPTnote = {note},
	OPTorganization = {organization},
	OPTdate = {date},
	OPTmonth = {month},
	OPTyear = {year},
	OPTaddendum = {addendum},
	OPTpubstate = {pubstate},
	OPTurldate = {urldate},
}

@online{PYPL,
    author = "",
    title = "",
    url  = "http://pypl.github.io/PYPL.html",
    addendum = "",
    keywords = "PYPL,Python"
}


@inbook{knuth-fa,
    author = {Donald E. Knuth},
    title = "Fundamental Algorithms",
    publisher = "Addison-Wesley",
    year = "1973",
    chapter = "1.2",
    keywords  = "knuth,programming"
}

@article{Architecture,
    author ="Alfredo Esteves and M.Victoria Mercado and Carolina Ganem Daniel Gelardi ",
    title = "Development of a simplified and accurate building model based on electrical analogy",
    journal =      "Architecture Research",
    year =         "2017",
    DOI =          "10.5923/j.arch.20170702.01",
    keywords  = "Arch"
}

@Article{en11040890,
AUTHOR = {Bagheri, Ali and Feldheim, Véronique and Ioakimidis, Christos S.},
TITLE = {On the Evolution and Application of the Thermal Network Method for Energy Assessments in Buildings},
JOURNAL = {Energies},
VOLUME = {11},
YEAR = {2018},
NUMBER = {4},
ARTICLE-NUMBER = {890},
URL = {https://www.mdpi.com/1996-1073/11/4/890},
ISSN = {1996-1073},
DOI = {10.3390/en11040890}

}

@article{achterbos,
author = {Achterbos, G.G.J. and De Jong, P.P.G and  Krist-Spit, C.E. and Van der Meulen, S.F. and Verberne, J.},
title = {The Development of a Convenient Thermal Dynamic Building Model},
journal = {Energy and Buildings},
volume = {8},
year =  {1985},
pages = {183--196},
url = {https://ris.utwente.nl/ws/portalfiles/portal/6737586/Achterbosch85development.pdf}
}


@unknown{Bacher,
author = {Madsen Henrik and Bacher Peder},
year = {2015},
month = {12},
pages = {},
title = {Thermal Performance Characterization using Time Series Data; IEA EBC Annex 58 Guidelines},
doi = {10.13140/RG.2.1.1564.4241}
}

@book{book,
author = {Bacher, Peder and Madsen, Henrik},
year = {2010},
month = {01},
pages = {},
title = {Experiments and Data for Building Energy Performance Analysis}

}

@article{Coakley,
    author =" Daniel Coakley and Paul Raftery and Marcus Keane",
    title = "A review of methods to match building energy simulation models to measured data",
    journal =      "Renewable and Sustainable Energy Reviews
Volume 37, Pages 123-141 ",
    year =         "2014",
    DOI =          "10.1016/j.rser.2014.05.007",
    keywords  = "buildings energy"
}

@article{Alfonso,
    author ="Alfonso P.Ramallo-GonzálezaMatthew  and E.EamesaDavid and A.Coleyb",
    title = "Positioning and Design Recommendations for Materials of Efficient Thermal Storage Mass in Passive Buildings",
    journal =      "Energy and Buildings Volume 60,Pages 174-184",
    year =         "2013",
    DOI =          "10.1016/j.enbuild.2013.01.014",
    keywords  = "buildings"
}

@article{Fraisse,
    author ="Fraisse and Viardot.C and Lafabrie.O and Achard G",
    title = "Lumped parameter models for building thermal modelling: An analytic approach to simplifying complex multi-layered constructions",
    journal =      "Energy and Buildings Volume 34, Issue 10, Pages 1017-1031",
    year =         "2002",
    DOI =          "10.1016/S0378-7788(02)00019-1",
    keywords  = "buildings"
}

@misc{afjei1997compressor,
	title={Compressor heat pump including frost and cycle losses},
	author={Afjei, Thomas and Wetter, M},
	journal={ZTL},
	year={1997}
}

@misc{SO:PythonModuleShort,
	author = {Anuj on Stack Overflow},
	title = "{How to write a Python module or package?}",
	url = {https://stackoverflow.com/a/15747198/1386750},
	journal = {Stack Overflow},
	year = 2013,
	note = "Visited 2020-02-12"
}

@ONLINE{NEN5060,
	author = {{Nederlands Normalisatie-instituut}},
	title = "{Hygrothermische eigenschappen van gebouwen - Referentieklimaatgegevens}",
	year = 2008,
	journal = {Nederlandse norm},
	volume = 5060,
	url = {https://www.nen.nl/NEN-Shop/Norm/NEN-50602008-nl.htm},
	note = "Visited 2015-10-21"
}

@inbook{zontoetreding,
    author = {ISSO},
    title = "Handboek HBz Zonnestraling en zontoetreding",
    publisher = "kennisbank",
    year = "2010  ",
    chapter = "5.5.1 en 5.2",
    ISBN = "978-90-5044-190-2"
}

@online{samplechapter,
	ALTauthor = {Elsevier},
	title = {1 HEAT CONDUCTION - Elsevier: samplechapters.pdf},
	url = {https://booksite.elsevier.com/samplechapters/9780123735881/9780123735881.pdf},
	keywords = ""
}

@online{heatemissionrad,
	author = {Engineering Toolbox},
	title = {Heat Emission from Radiators and Heating Panels},
	url = {https://www.engineeringtoolbox.com/heat-emission-radiators-d_272.html},
	keywords = ""
}

@online{NEN442,
	author = {NEN},
	title = {NEN-EN 442-2:2014 en},
	url = {https://www.nen.nl/nen-en-442-2-2014-en-202612},
	keywords = ""
}

@online{OEM442,
	author = {OpenEnergyMonitor},
	title = {Learn | OpenEnergyMonitor - Radiator Model},
	url = {https://learn.openenergymonitor.org/sustainable-energy/building-energy-model/radiatormodel},
	keywords = ""
}


